@article{opencv_library,
	author = {Bradski, G.},
	citeulike-article-id = {2236121},
	journal = {Dr. Dobb's Journal of Software Tools},
	keywords = {bibtex-import},
	posted-at = {2008-01-15 19:21:54},
	priority = {4},
	title = {{The OpenCV Library}},
	year = {2000}
}

@misc{PyImageSearch,
	title = {Measuring size of objects in an image with OpenCV},
	howpublished={\url{https://www.pyimagesearch.com/2016/03/28/measuring-size-of-objects-in-an-image-with-opencv/}},
	note = {Accessed: 2010-04-18}
}